<record><leader>00000cas a2200000 a 4500</leader><controlfield tag="001">12109153</controlfield><controlfield tag="008">850603d186u187umiuwr ne      0    0eng c</controlfield><datafield ind1=" " ind2=" " tag="010"><subfield code="a">sn 85033608 </subfield></datafield><datafield ind1=" " ind2=" " tag="040"><subfield code="a">NPU</subfield><subfield code="b">eng</subfield><subfield code="c">NPU</subfield><subfield code="d">MHN</subfield><subfield code="d">OCL</subfield><subfield code="d">NVF</subfield><subfield code="d">OCL</subfield><subfield code="d">OCLCQ</subfield><subfield code="d">OCLCF</subfield><subfield code="d">OCLCO</subfield></datafield><datafield ind1=" " ind2=" " tag="042"><subfield code="a">pcc</subfield></datafield><datafield ind1=" " ind2=" " tag="043"><subfield code="a">n-us-mi</subfield></datafield><datafield ind1="0" ind2="0" tag="245"><subfield code="a">Weekly Mercury and St. Joseph County advertiser.</subfield></datafield><datafield ind1="1" ind2=" " tag="246"><subfield code="i">Published as:</subfield><subfield code="a">Constantine weekly Mercury and St. Joseph County advertiser</subfield><subfield code="f">Feb. 28, 1861</subfield></datafield><datafield ind1="1" ind2="7" tag="246"><subfield code="a">Mercury and advertiser</subfield></datafield><datafield ind1="3" ind2=" " tag="246"><subfield code="a">Weekly Mercury and Saint Joseph County advertiser</subfield></datafield><datafield ind1="3" ind2=" " tag="246"><subfield code="a">Constantine weekly Mercury and Saint Joseph County advertiser</subfield></datafield><datafield ind1=" " ind2=" " tag="260"><subfield code="a">Constantine, Mich. :</subfield><subfield code="b">Levi T. Hull</subfield></datafield><datafield ind1=" " ind2=" " tag="300"><subfield code="a">v.</subfield></datafield><datafield ind1=" " ind2=" " tag="310"><subfield code="a">Weekly</subfield></datafield><datafield ind1=" " ind2=" " tag="588"><subfield code="a">Description based on: Vol. 10, no. 25-491 (Jan. 10, 1861) = v. 16, no. 38-817.</subfield></datafield><datafield ind1=" " ind2="0" tag="651"><subfield code="a">Constantine (Mich.)</subfield><subfield code="v">Newspapers.</subfield></datafield><datafield ind1=" " ind2="0" tag="651"><subfield code="a">Saint Joseph County (Mich.)</subfield><subfield code="v">Newspapers.</subfield></datafield><datafield ind1=" " ind2="7" tag="655"><subfield code="a">Newspapers.</subfield><subfield code="2">fast</subfield><subfield code="0">(OCoLC)fst01423814</subfield></datafield><datafield ind1=" " ind2="7" tag="651"><subfield code="a">Michigan</subfield><subfield code="z">Constantine.</subfield><subfield code="2">fast</subfield><subfield code="0">(OCoLC)fst01232806</subfield></datafield><datafield ind1=" " ind2="7" tag="651"><subfield code="a">Michigan</subfield><subfield code="z">Saint Joseph County.</subfield><subfield code="2">fast</subfield><subfield code="0">(OCoLC)fst01210520</subfield></datafield><datafield ind1=" " ind2=" " tag="752"><subfield code="a">United States</subfield><subfield code="b">Michigan</subfield><subfield code="c">Saint Joseph</subfield><subfield code="d">Constantine.</subfield></datafield><datafield ind1="0" ind2="0" tag="780"><subfield code="t">Constantine weekly Mercury. and St. Joseph County advertiser</subfield><subfield code="w">(DLC)sn 96076802</subfield><subfield code="w">(OCoLC)35037078</subfield></datafield><datafield ind1="0" ind2="0" tag="785"><subfield code="a">St. Joseph County advertiser and Constantine weekly Mercury</subfield><subfield code="w">(DLC)sn 96076803</subfield><subfield code="w">(OCoLC)35037361</subfield></datafield></record>